@book{schildt2007java,
  title={Java: the complete reference},
  author={Schildt, Herbert},
  year={2007},
  publisher={Mc Graw Hill}
}

@book{schildt2010java,
  title={Java 7: A Beginner's Guide},
  author={Schildt, Herbert},
  year={2010},
  publisher={McGraw-Hill, Inc.}
}

 @book{horstmann_2021, place={Boston}, title={Core java}, publisher={Addison-Wesley Professional}, author={Horstmann, Cay S.}, year={2021}} 
 
 @book{burnstein2006practical,
  title={Practical software testing: a process-oriented approach},
  author={Burnstein, Ilene},
  year={2006},
  publisher={Springer Science \& Business Media}
}

@book{jorgensen2013software,
  title={Software testing: a craftsman's approach},
  author={Jorgensen, Paul C},
  year={2013},
  publisher={Auerbach Publications}
}

@book{naik2011software,
  title={Software testing and quality assurance: theory and practice},
  author={Naik, Kshirasagar and Tripathy, Priyadarshi},
  year={2011},
  publisher={John Wiley \& Sons}
}